@article{marin2019learning,
  title = {Recipe1M+: A Dataset for Learning Cross-Modal Embeddings for Cooking Recipes and Food Images},
  author = {Marin, Javier and Biswas, Aritro and Ofli, Ferda and Hynes, Nicholas and 
  Salvador, Amaia and Aytar, Yusuf and Weber, Ingmar and Torralba, Antonio},
  journal = {{IEEE} Trans. Pattern Anal. Mach. Intell.},
  year = {2019}
}

@inproceedings{salvador2017learning,
  title={Learning Cross-modal Embeddings for Cooking Recipes and Food Images},
  author={Salvador, Amaia and Hynes, Nicholas and Aytar, Yusuf and Marin, Javier and 
          Ofli, Ferda and Weber, Ingmar and Torralba, Antonio},
  booktitle={Proceedings of the IEEE Conference on Computer Vision and Pattern Recognition},
  year={2017}
}

@inproceedings{bossard14,
  title = {Food-101 -- Mining Discriminative Components with Random Forests},
  author = {Bossard, Lukas and Guillaumin, Matthieu and Van Gool, Luc},
  booktitle = {European Conference on Computer Vision},
  year = {2014}
}

@INPROCEEDINGS{7410503,
  author={Myers, Austin and Johnston, Nick and Rathod, Vivek and Korattikara, Anoop and Gorban, Alex and Silberman, Nathan and Guadarrama, Sergio and Papandreou, George and Huang, Jonathan and Murphy, Kevin},
  booktitle={2015 IEEE International Conference on Computer Vision (ICCV)}, 
  title={Im2Calories: Towards an Automated Mobile Vision Food Diary}, 
  year={2015},
  volume={},
  number={},
  pages={1233-1241},
  doi={10.1109/ICCV.2015.146}}

@misc{liu2016deepfood,
      title={DeepFood: Deep Learning-Based Food Image Recognition for Computer-Aided Dietary Assessment}, 
      author={Chang Liu and Yu Cao and Yan Luo and Guanling Chen and Vinod Vokkarane and Yunsheng Ma},
      year={2016},
      eprint={1606.05675},
      archivePrefix={arXiv},
      primaryClass={cs.CV}
}

@misc{ofli2017saki,
      title={Is Saki delicious? The Food Perception Gap on Instagram and Its Relation to Health}, 
      author={Ferda Ofli and Yusuf Aytar and Ingmar Weber and Raggi al Hammouri and Antonio Torralba},
      year={2017},
      eprint={1702.06318},
      archivePrefix={arXiv},
      primaryClass={cs.CY}
}

@inproceedings{NIPS2015_f442d33f,
 author = {Kiros, Ryan and Zhu, Yukun and Salakhutdinov, Russ R and Zemel, Richard and Urtasun, Raquel and Torralba, Antonio and Fidler, Sanja},
 booktitle = {Advances in Neural Information Processing Systems},
 editor = {C. Cortes and N. Lawrence and D. Lee and M. Sugiyama and R. Garnett},
 pages = {},
 publisher = {Curran Associates, Inc.},
 title = {Skip-Thought Vectors},
 url = {https://proceedings.neurips.cc/paper/2015/file/f442d33fa06832082290ad8544a8da27-Paper.pdf},
 volume = {28},
 year = {2015}
}

@misc{he2015deep,
      title={Deep Residual Learning for Image Recognition}, 
      author={Kaiming He and Xiangyu Zhang and Shaoqing Ren and Jian Sun},
      year={2015},
      eprint={1512.03385},
      archivePrefix={arXiv},
      primaryClass={cs.CV}
}




